@online{agileRoadmapToValue,
	author = {Mark C. Layton},
	title = {The Agile Roadmap to Value},
	url = {http://www.dummies.com/how-to/content/the-agile-roadmap-to-value.html},
	year = 2015,
	urldate = {2015-11-25}
}

@online{agileProjectManagementForDummies,
	author = {Mark C. Layton},
	title = {Agile Project Management For Dummies},
	url = {http://www.dummies.com/how-to/content/the-agile-roadmap-to-value.html},
	year = 2015,
	urldate = {2015-11-25}
}

@online{agileModeling,
	author = {{Ambysoft Inc.}},
	title = {Agile Modeling and eXtreme Programming (XP)},
	url = {http://agilemodeling.com/essays/agileModelingXP.htm},
	year = 2015,
	urldate = {2015-11-25}
}

@online{agileXPFlowchart,
	author = {Don Wells},
	title = {Extreme Programming Flow Chart},
	url = {http://www.extremeprogramming.org/},
	year = 2013,
	urldate = {2015-11-25}
}

@book{agileArtOfDevelopment,
	author = {James Shore, Shane Warden},
	title = {The Art of Agile Development},
	publisher = {O'Reilly Media}
	year = 2008
}