@online{CDaPA,
	title = {Copyright Designs and Patent Act},
    url = {https://www.gov.uk/government/uploads/system/uploads/attachment_data/file/462194/Copyright_Designs_and_Patents_Act_1988.pdf},
    year = 1988,
    urldate = {2015-11-16},
}

@online{LSEPIinComputerTech,
	title = {Legal, Social, Ethical and Professional Issues in the Application of Computer Technology},
    url = {http://www.macs.hw.ac.uk/macshome/MScComputing/RM/Docs/L4PLESI.pdf},
	urldate = {2015-11-16},
    year = 2014,
}

@online{JiscLegal-IntellectualProp.,
	title = {JiscLegal on Intellectual Property},
    url = { http://www.jisclegal.ac.uk/legalareas/copyrightipr/ipressentials.aspx},
    urldate = {2015-11-16},
    year = 2014,
}

@online{DPA:tDPP:S1,
	title = {Data Protection Act: The Data Protection Principles - Schedule 1},
    url = {http://www.legislation.gov.uk/ukpga/1998/29/schedule/1},
    urldate = {2015-11-18},
    year = 2007,
}

@online{DPA:tDPP:S2,
	title = {Data Protection Act: The Data Protection Principles - Schedule 2},
	url = {http://www.legislation.gov.uk/ukpga/1998/29/schedule/2},
    urldate = {2015-11-18},
    year = 2007,
}
		
@online{DPA:tDPP:S3,
	title = {Data Protection Act: The Data Protection Principles - Schedule 3},
    url = {http://www.legislation.gov.uk/ukpga/1998/29/schedule/3},
    urldate = {2015-11-18},
    year = 2007,
}        
